@misc{irrational-torus,
  author = {Patrick Iglesias-Zemmour},
  title = {The Irrational Toruses},
  url = {https://math.huji.ac.il/~piz/documents/ShD-lect-TIT.pdf}
} 

@misc{coupon-collector,
    author = {Wikipedia},
    title = {Coupon collector's problem},
    url = {https://en.wikipedia.org/wiki/Coupon_collector%27s_problem}
}

@misc{low-discrepancy-seq,
    author = {Wikipedia},
    title = {Low-discrepancy sequence},
    url = {https://en.wikipedia.org/wiki/Low-discrepancy_sequence#Additive_recurrence}
}